<collection xmlns="http://www.loc.gov/MARC21/slim">
<record>
  <leader>01004nam0a2200193 i 450 </leader>
  <controlfield tag="001">IT\ICCU\CNCE\056675</controlfield>
  <controlfield tag="005">20160309000000.0</controlfield>
  <datafield tag="012" ind1=" " ind2=" ">
    <subfield code="a">adi- erm, s.t, gnnu (3) 1596 (A)</subfield>
    <subfield code="2">fei</subfield>
  </datafield>
  <datafield tag="100" ind1=" " ind2=" ">
    <subfield code="a">20040324d1596        0itac0103    ba</subfield>
  </datafield>
  <datafield tag="101" ind1=" " ind2=" ">
    <subfield code="a">LAT</subfield>
  </datafield>
  <datafield tag="102" ind1=" " ind2=" ">
    <subfield code="a">IT</subfield>
  </datafield>
  <datafield tag="200" ind1="1" ind2=" ">
    <subfield code="a">Breuis et dilucida ad Logicam Aristotelis introductio, in qua rescissis longis aliorum doctorum ambagibus, atque obscuris syrtibus, facilis compendio quicquid ad eam capessendam iuniorum captui, est necessarium, nihil intactum relinquendo percractatur. Auctore Bartholomeo Castello philosophie, medicine et sacrae theologiae doctore</subfield>
  </datafield>
  <datafield tag="210" ind1=" " ind2=" ">
    <subfield code="a">Messanae</subfield>
    <subfield code="c">ex typographia Petri Breae</subfield>
    <subfield code="d">1596</subfield>
    <subfield code="e">Messanae</subfield>
    <subfield code="g">ex typographia Petri Breae</subfield>
    <subfield code="h">1596</subfield>
  </datafield>
  <datafield tag="215" ind1=" " ind2=" ">
    <subfield code="a">68, \3! c.</subfield>
    <subfield code="d">16ʻ</subfield>
  </datafield>
  <datafield tag="620" ind1=" " ind2=" ">
    <subfield code="a">IT</subfield>
    <subfield code="d">Messina</subfield>
  </datafield>
  <datafield tag="700" ind1=" " ind2="1">
    <subfield code="a">Castelli,</subfield>
    <subfield code="b">Bartolomeo</subfield>
    <subfield code="3">IT\ICCU\CNCA\002772</subfield>
  </datafield>
  <datafield tag="712" ind1="0" ind2="0">
    <subfield code="a">Brea, Pietro</subfield>
    <subfield code="3">IT\ICCU\CNCT\000579</subfield>
    <subfield code="4">650</subfield>
  </datafield>
  <datafield tag="801" ind1=" " ind2="3">
    <subfield code="a">IT</subfield>
    <subfield code="b">ICCU</subfield>
    <subfield code="c">20201115</subfield>
  </datafield>
  <datafield tag="899" ind1=" " ind2=" ">
    <subfield code="a">Biblioteca provinciale dei frati minori cappuccini Madonna di Pompei. Messina</subfield>
    <subfield code="1">ME0179</subfield>
    <subfield code="2">MES FC</subfield>
  </datafield>
</record>
</collection>
